@comment{This file has been generated by Pybliographer}

@Book{CP75,
  Author         = {{Joanne K. Rowling}},
  Title          = {Harry Potter und die Heiligt\"umer des Todes},
  Publisher      = {Carlsen},
  year           = 2010
}

