@misc{AA14,
  Author	       = {Alemannia Aachen},
  Title		       = {Vereins-Historie},
  howpublished   = "\url{http://www.alemannia-aachen.de/archiv/historie/}",
  year		       = {2014},
  note		       = {Online; aufgerufen am 18.12.2014}
}

@misc{AA15,
  Author	       = {Alemannia Aachen},
  Title		       = {Allgemeine Informationen zum Stadion},
  howpublished   = "\url{http://www.alemannia-aachen.de/tivoli/stadion/allgemeines/}",
  year		       = {2015},
  note		       = {Online; aufgerufen am 18.01.2015}
}

@misc{DF14,
  Author	       = {Duden},
  Title		       = {Der Fan},
  howpublished   = "\url{http://www.duden.de/rechtschreibung/Fan}",
  year		       = {2014},
  note		       = {Online; aufgerufen am 08.12.2014}
}

@Book {CB03,
  Author         = {{Christoph Bremer}},
  Title          = {Fußball ist unser Leben?! - Ein Zuschauersport und seine Fans},
  Publisher      = {Tectum-Verl., Marburg},
  year           = 2003
}

@Article{JR08,
  Journal        = {Was sind Fans? Eine Nominal- und eine Realdefinition.},
  Page           = {2},
  Author         = {{Jochen Roose}},
  Author	 = {{Hans-Georg Soeffner}},
  Title          = {Unsichere Zeiten? Verhandlungen des 34. DGS-Kongresses 2008 in Jena.},
  Publisher      = {VS Verlag für Sozialwissenschaften., Wiesbaden},
  year           = 2008
}

@Book {EH88,
  Author         = {{Erwin Hahn, Gunter A. Pilz, Hans J. Stollenwerk, Kurt Weis}},
  Title          = {Fanverhalten, Massenmedien und Gewalt im Sport},
  Publisher      = {Verlag Karl Hofmann, Schorndorf},
  year           = 1988
}

@Book {RK98,
  Author         = {{Reinhard Kopiez}},
  Title          = {Fußball-Fangesänge},
  Publisher      = {Königshausen & Neumann, Würzburg},
  year           = 1998
}

@Article{GB08,
  Journal        = {Fangesänge im Fußballstadion},
  Pages          = {194-210},
  Editor         = {{Armin Burkhardt, Peter Schlobinski}},
  Title          = {Flickflack, Foul und Tsukahara.  Der Sport und seine Sprache (= Thema Deutsch Bd. 10)},
  Publisher      = {Dudenverlag, Mannheim},
  year           = 2008
}

@misc{AA14,
  Author	       = {Farnosh Khodadadi, Anika Gründel},
  Title		       = {Sprache und Fußball-Fangesänge},
  howpublished   = "\url{http://www.linse.uni-due.de/linse/esel/pdf/Fussball_und_Sprache.pdf}",
  year		       = {2006},
  note		       = {Online; aufgerufen am 18.12.2014}
}

@Article{JK07,
  Journal        = {Warum singst Du? - Von Liverpool bis Bochum – die Geschichte der Fangesänge},
  Pages          = {28-34},
  Editor         = {{Matthias Hörstmann}},
  Title          = {11 Freunde},
  Publisher      = {11 Freunde Verlag GmbH & Co. KG, Berlin},
  year           = 2007
}

@Article{MS12,
  Journal        = {Entwicklungsgeschichte der deutschen Ultra-Bewegung},
  Pages          = {26-36},
  Editor         = {{Martin Thein, Jannis Linkelmann}},
  Title          = {Ultras im Abseits},
  Publisher      = {Verlag Die Werkstatt, Göttingen},
  year           = 2012
}

@misc{AA14,
  Author	       = {Duden},
  Title		       = {Die Pragmatik},
  howpublished   = "\url{http://www.duden.de/rechtschreibung/Pragmatik}",
  year		       = {2014},
  note		       = {Online; aufgerufen am 28.12.2014}
}

@Book {PA99,
  Author         = {{Peter Auer}},
  Title          = {Sprachliche Interaktion. Eine Einführung anhand von 22 Klassikern},
  Publisher      = {Niemeyer, Tübingen},
  year           = 1999
}

@Book {AL04,
  Author         = {{Angelika Linke}},
  Title          = {Studienbuch Linguistik},
  Publisher      = {Niemeyer, Tübingen},
  year           = 2004
}

@Article {SH07,
  Journal	       = {Verletzende Worte. Eine Einleitung},
  Pages		       = {7-30},
  Editor         = {{Steffen K. Herrmann, Hannes Kuch, Sybille Krämer}},
  Title          = {Verletzende Worte},
  Publisher      = {Transcript, Bielefeld},
  year           = 2007
}

@Article{SK07,
  Journal        = {Sprache als Gewalt oder: Warum verletzen Worte?},
  Pages          = {31-48},
  Editor         = {{Steffen K. Herrmann, Hannes Kuch, Sybille Krämer}},
  Title          = {Verletzende Worte},
  Publisher      = {Transcript, Bielefeld},
  year           = 2007
}

@Article{EK10,
  Journal        = {Gewalt durch Sprache - Grundlagen und Manifestationen},
  Pages          = {45-59},
  Editor         = {{Sybille Krämer, Elke Koch}},
  Title          = {Gewalt in der Sprache: Rhetoriken verletzenden Sprechens},
  Publisher      = {Fink Verlag, München},
  year           = 2010
}

@misc{BT14,
  Author	       = {Benjamin Tzschoppe},
  Title		       = {Startseite},
  howpublished   = "\url{http://www.fangesaenge.de/index.html}",
  year		       = {2014},
  note		       = {Online; aufgerufen am 06.12.2014}
}

@misc{BA14,
  Author	       = {Benjamin Tzschoppe},
  Title		       = {Fangesang Arminia Bielefeld & Ohne Schiri},
  howpublished   = "\url{http://www.fangesaenge.de/zweite-bundesliga/detail/alemannia-aachen/index.html}",
  year		       = {2014},
  note		       = {Online; aufgerufen am 06.12.2014}
}

@misc{DD14,
  Author	       = {Duden},
  Title		       = {Die Scheiße},
  howpublished   = "\url{http://www.duden.de/rechtschreibung/Scheisze}",
  year		       = {2014},
  note		       = {Online; aufgerufen am 06.12.2014}
}
