@comment{This file has been generated by Pybliographer}


@Book{CP75,
  Author         = {{Carl-Heinz Peisker}},
  Title          = {Z\"urcher {E}vangelien-{S}ynopse},
  Publisher      = {Oncken},
  Series         = {14. Auflage},
  year           = 1975
}

@MastersThesis{AH04,
  Author         = {{Andreas Heindl}},
  Title          = {Kreuzigung und {G}rablegung {J}esu -
                   {T}heologisch-exegetische {A}uslegung und historische
                   {R}\"uckfrage},
  School         = {Universit\"at Wien},
  month          = jul,
  year           = 2004
}

