@comment{This file has been generated by Pybliographer}

@Book {GPS02,
  Organization   = {{Gesellschaft für Didaktik des Sachunterrichts}},
  Title          = {Perspektivrahmen Sachunterricht},
  Publisher      = {Klinkhardt},
  year           = 2002
}

@Book {GPS13,
  Organization   = {{Gesellschaft für Didaktik des Sachunterrichts}},
  Title          = {Perspektivrahmen Sachunterricht},
  Publisher      = {Klinkhardt},
  year           = 2013
}

@Article{IH07,
  Journal        = {Sachunterricht im Anfangsunterricht, Lernen im Anschluss an den Kindergarten},
  Pages          = {159-176},
  Author         = {{Ingrid Hemmer, Eva Neidhardt}},
  Title          = {Geographisches Lernen im Anfangsunterricht},
  Publisher      = {Schneider-Verlag, Hohengehren},
  year           = 2007
}

@Article{HB10,
  Journal        = {Schüler, Gruppen, Peers – Jahresheft},
  Author         = {{Heike De Boer}},
  Title          = {Ich war's nicht – Vom Peersein im Klassenrat},
  Publisher      = {Friedrich Velber, Seelze},
  year           = 2010
}

@Book{KM06,
  Author         = {{Kerstin Michalik, Helmut Schreier}},
  Title          = {Wie wäre es einen Frosch zu küssen?},
  Publisher      = {Westermann, Braunschweig},
  year           = 2006
}

@Article{AK08,
  Author         = {{Astrid Kaiser, Detlef Pech}},
  Title          = {Basiswissen Sachunterricht – Neuere Konzeptionen und Zielsetzungen im Sachunterricht},
  Publisher      = {Schneider-Verlag, Hohengehren},
  year           = 2008,
  Author         = {{Ute Stoltenberg}},
  Title          = {Basiswissen Sachunterricht – Neuere Konzeptionen und Zielsetzungen im Sachunterricht},
  Publisher      = {Schneider-Verlag, Hohengehren},
  year           = 2008

}

@Book{DB08,
  Journal        = {Schüler, Gruppen, Peers – Jahresheft},
  Author         = {{Heike De Boer}},
  Title          = {Ich war's nicht – Vom Peersein im Klassenrat},
  year           = 2010

}

