@comment{This file has been generated by Pybliographer}

@Article{MB95,
  Journal				 = {Erziehung und Wissenschaft},
	Pages					 = {8},
  Author         = {{M. Brumlik}},
  Title          = {Erziehung nach M\"olln oder im Gedenken unterweisen},
  Publisher      = {Rowohlt-Verlag},
  year           = 1995
}

@Book{IA96,
  Author         = {{Ido Abram, Matthias Heyl}},
  Title          = {Thema Holocaust - Ein Buch f\"ur die Schule},
  Publisher      = {Rowohlt-Verlag},
  year           = 1996
}

@Book{CP75,
  Author         = {{Carl-Heinz Peisker}},
  Title          = {Z\"urcher {E}vangelien-{S}ynopse},
  Publisher      = {Oncken},
  Series         = {14. Auflage},
  year           = 1975
}

@MastersThesis{AH04,
  Author         = {{Andreas Heindl}},
  Title          = {Kreuzigung und {G}rablegung {J}esu -
                   {T}heologisch-exegetische {A}uslegung und historische
                   {R}\"uckfrage},
  School         = {Universit\"at Wien},
  month          = jul,
  year           = 2004
}

