%% This BibTeX bibliography file was created using BibDesk.
%% http://bibdesk.sourceforge.net/

%% Created for Martin Spoo at 2016-08-06 15:50:07 +0200 


%% Saved with string encoding Unicode (UTF-8) 


@comment{This file has been generated by Pybliographer}



@misc{MS09,
	Author = {Margret Selting, Peter Auer, Dagmar Barth-Weingarten, J{\"o}rg Berg- mann, Pia Bergmann, Karin Birkner, Elizabeth Couper-Kuhlen, Arnulf Deppermann, Peter Gilles, Susanne G{\"u}nthner, Martin Hartung, Frie- derike Kern, Christine Mertzlufft, Christian Meyer, Miriam Morek, Frank Oberzaucher, J{\"o}rg Peters, Uta Quasthoff, Wilfried Sch{\"u}tte, Anja Stukenbrock, Susanne Uhmann},
	Date-Added = {2016-08-06 11:54:29 +0000},
	Date-Modified = {2016-08-06 13:49:41 +0000},
	Howpublished = {http://www.gespraechsforschung-ozs.de/heft2009/px-gat2.pdf},
	Month = {11. Juli},
	Title = {Gespr{\"a}chsforschung - Online-Zeitschrift zur verbalen Interaktion, Ausgabe 10},
	Year = {2016}}

@misc{GT16,
	Author = {Lic. Phil. Gerhild Tesak},
	Date-Added = {2016-08-06 11:53:21 +0000},
	Date-Modified = {2016-08-06 11:54:10 +0000},
	Howpublished = {www.philosophie-woerterbuch.de/online-woerterbuch/?tx_gbwbphilosophie_main%5Bentry%5D=381&tx_gbwbphilosophie_main%5Baction%5D=show&tx_gbwbphilosophie_main%5Bcontroller%5D=Lexicon&cHash=dac38a1129fa50f2ee8e2c8be6723daa},
	Month = {03. Mai},
	Title = {Gl{\"u}ck},
	Year = {2016}}

@misc{D16,
	Author = {Duden},
	Date-Added = {2016-08-06 11:51:59 +0000},
	Date-Modified = {2016-08-06 11:52:54 +0000},
	Howpublished = {http://www.duden.de/rechtschreibung/Glueck},
	Month = {03. Mai},
	Title = {Gl{\"u}ck},
	Year = {2016}}

@misc{PL16,
	Author = {Holm Br{\"a}umer },
	Date-Added = {2016-08-06 11:50:19 +0000},
	Date-Modified = {2016-08-06 11:53:05 +0000},
	Howpublished = {http://www.philosophie-woerterbuch.de/online-woerterbuch/?tx_gbwbphilosophie_main%5Bentry%5D=677&tx_gbwbphilosophie_main%5Baction%5D=show&tx_gbwbphilosophie_main%5Bcontroller%5D=Lexicon&cHash=42950fa05a90ca9b5712e485658e0d2c},
	Month = {21. Juli},
	Title = {Philosophisches Online-Lexikon Philosophiebegriff},
	Year = {2016}}

@book{JM11,
	Author = {Joachim M{\"u}nch, Irit Wyrobnik},
	Date-Added = {2016-08-06 11:47:58 +0000},
	Date-Modified = {2016-08-06 11:50:03 +0000},
	Publisher = {Schneider Verlag Hohengehren, Baltmannsweiler},
	Title = {P{\"a}dagogik des Gl{\"u}cks},
	Year = {2011}}

@book{PM07,
	Author = {Philipp Mayring},
	Date-Added = {2016-08-06 11:46:35 +0000},
	Date-Modified = {2016-08-06 11:47:47 +0000},
	Publisher = {Beltz Verlag, Weinheim & Basel},
	Title = {Qualitative Inhaltsanalyse},
	Year = {2007}}

@book{FN06,
	Author = {Friedrich Nietzsche},
	Date-Added = {2016-08-06 11:46:05 +0000},
	Date-Modified = {2016-08-06 11:46:32 +0000},
	Publisher = {Anaconda, K{\"o}ln},
	Title = {Menschliches, Allzumenschliches},
	Year = {2006}}

@book{JM94,
	Author = {Mill, John Stuat},
	Date-Added = {2016-08-06 11:45:18 +0000},
	Date-Modified = {2016-08-06 11:45:58 +0000},
	Publisher = {Reclam, Stuttgart},
	Title = {Der Utilitarismus},
	Year = {1994}}

@book{IK73,
	Author = {Immanuel Kant},
	Date-Added = {2016-08-06 11:41:34 +0000},
	Date-Modified = {2016-08-06 11:42:05 +0000},
	Publisher = {Reimer, Berlin},
	Title = {Kritik der reinen Vernunft},
	Year = {1973}}

@book{IK65,
	Author = {Immanuel Kant},
	Date-Added = {2016-08-06 11:40:57 +0000},
	Date-Modified = {2016-08-06 11:41:31 +0000},
	Publisher = {Meiner, Hamburg},
	Title = {Grundlegung der Metaphysik der Sitten},
	Year = {1965}}

@book{IK74,
	Author = {Immanuel Kant},
	Date-Added = {2016-08-06 11:40:11 +0000},
	Date-Modified = {2016-08-06 11:40:55 +0000},
	Publisher = {Reimer, Berlin},
	Title = {Kritik der praktischen Vernunft},
	Year = {1974}}

@book{ML65,
	Author = {Martin Luther},
	Date-Added = {2016-08-06 11:38:40 +0000},
	Date-Modified = {2016-08-06 11:39:14 +0000},
	Editor = {Kurt Aland},
	Publisher = {Furche Verlag, Hamburg},
	Title = {95 Thesen},
	Year = {1965}}

@book{A82,
	Author = {Augustinus},
	Date-Added = {2016-08-06 11:38:01 +0000},
	Date-Modified = {2016-08-06 11:38:39 +0000},
	Publisher = {Reclam, Stuttgart},
	Title = {De beata vita - {\"U}ber das Gl{\"u}ck},
	Year = {1982}}

@book{DL67,
	Author = {Diogenes Laertius},
	Date-Added = {2016-08-06 11:37:11 +0000},
	Date-Modified = {2016-08-06 11:37:57 +0000},
	Editor = {Klaus Reich},
	Publisher = {Meiner, Hamburg},
	Title = {Leben und Meinungen ber{\"u}hmter Philosophen},
	Year = {1967}}

@book{WB10,
	Date-Added = {2016-08-06 11:35:40 +0000},
	Date-Modified = {2016-08-06 11:36:46 +0000},
	Editor = {Walter Brugger, Harald Sch{\"o}ndorf},
	Publisher = {Alber, Freiburg},
	Title = {Philosophisches W{\"o}rterbuch},
	Year = {2013}}

@book{GDS13,
	Date-Added = {2016-08-06 11:34:30 +0000},
	Date-Modified = {2016-08-06 11:35:33 +0000},
	Editor = {Gesellschaft f{\"u}r Didaktik des Sachunterrichts},
	Publisher = {Klinkhardt, Bad Heilbrunn},
	Title = {Perspektivrahmen Sachunterricht},
	Year = {2013}}

@book{MBFJ06,
	Author = {Ministerium f{\"u}r Bildung, Frauen und Jugend},
	Date-Added = {2016-08-06 09:23:27 +0000},
	Date-Modified = {2016-08-06 09:28:43 +0000},
	Journal = {Weiterentwicklung der Grundschule. Rahmenplan Grundschule. Teilrahmenplan Sachunterricht},
	Publisher = {Sommer Verlag, Gr{\"u}nstadt},
	Title = {Weiterentwicklung der Grundschule. Rahmenplan Grundschule. Teilrahmenplan Sachunterricht},
	Year = {2006}}

@book{BB01,
	Author = {Br{\"u}ning, Barbara},
	Date-Added = {2016-08-06 09:15:14 +0000},
	Date-Modified = {2016-08-06 11:43:55 +0000},
	Edition = {2},
	Publisher = {Cornelsen Scriptor, Berlin},
	Title = {Philosophieren in der Grundschule},
	Year = {2001}}
