@Book {PG08,
  Author         = {{Petra Grimm}},
  Title          = {Gewalt im Web 2.0},
  Publisher      = {Vistas, Berlin},
  year           = 2008
}

@Book {AL04,
  Author         = {{Angelika Linke}},
  Title          = {Studienbuch Linguistik},
  Publisher      = {Niemeyer, Tübingen},
  year           = 2004
}

@Book {PE06,
  Author         = {{Peter Eisenberg}},
  Title          = {Grundriss der deutschen Grammatik},
  Publisher      = {Metzler, Stuttgart},
  year           = 2006
}


@Book {HL93,
  Author         = {{Heinz Leymann}},
  Title          = {Mobbing},
  Publisher      = {Rowohlt, Reinbek bei Hamburg},
  year           = 1993
}

@misc{CS13,
  Author	 = {Christina Salmivalli},
  Title		 = {Participant role approach to school bullying: Implications for intervention},
  howpublished   = "\url{http://www.gewalt-gegen-kinder.de/cybermobbing/mobbingcybermobbing.html}",
  year		 = {2013},
  note		 = {Online, aufgerufen am 23.10.2014}
}

@misc{BFS11,
  Author	 = {Bundesministerium für Familie, Senioren, Frauen und Jugend (BMFSFJ)},
  Title		 = {Was ist Cybermobbing?},
  howpublished   = "\url{http://www.bmfsfj.de/BMFSFJ/aktuelles,did=168578.html}",
  year		 = {2011},
  note		 = {Online, aufgerufen am 19.10.2014}
}

@misc{DG13,
  Author	 = {Duden},
  Title		 = {Gewalt},
  howpublished   = "\url{http://www.duden.de/rechtschreibung/Gewalt}",
  year		 = {2013},
  note		 = {Online, aufgerufen am 23.10.2014}
}

@misc{DC13,
  Author	 = {Duden},
  Title		 = {Das Cybermobbing},
  howpublished   = "\url{http://www.duden.de/rechtschreibung/Cybermobbing}",
  year		 = {2013},
  note		 = {Online, aufgerufen am 23.10.2014}
}

@misc{LT13,
  Author	 = {Linda Tutmann},
  Title		 = {Vernetzt und verletzt},
  howpublished   = "\url{http://www.zeit.de/2013/47/phaenomen-cybermobbing}",
  year		 = {2013},
  note		 = {Online, aufgerufen am 23.10.2014}
}

@misc{TK14,
  Author	 = {Techniker Krankenkasse},
  Title		 = {Mobbing und Cybermobbing – Gemeinsamkeiten und Unterschiede},
  howpublished   = "\url{http://www.gewalt-gegen-kinder.de/cybermobbing/mobbingcybermobbing.html}",
  year		 = {2014},
  note		 = {Online, aufgerufen am 23.10.2014}
}

@Article{SK07,
  Journal        = {Verletzende Worte},
  Page           = {314},
  Author         = {{Sonja Kleinke}},
  Title          = {Sprachliche Strategien verbaler Ablehnung in öffentlichen Diskussionsforen im Internet},
  Publisher      = {Transcript, Bielefeld},
  year           = 2007
}

@Article{SKR07,
  Journal        = {Verletzende Worte},
  Page		 = {35},
  Author         = {{Sybille Krämer}},
  Title          = {Sprache als Gewalt},
  Publisher      = {{Transcript, Bielefeld}},
  year           = 2007
}

@Article{EK07,
  Journal        = {Gewalt durch Sprache: Grundlagen und Manifestation},
  Page		 = {47},
  Author         = {{Ekkehard König, Katerina Stathi}},
  Title          = {Gewalt in der Sprache},
  Publisher      = {{Transcript, Bielefeld}},
  year           = 2007
}

@Article{NW08,
  Journal        = {Gewalt im Web 2.0},
  Author         = {{Nancy E. Willard}},
  Title          = {Cyberbullying and Cyberthreats},
  Publisher      = {{Vistas, Berlin}},
  year           = 2008
}

@Book{SF13,
  Author         = {{Sabine Feierabend, Ulrike Karg, Thomas Rathgeb}},
  Title          = {JIM-Studie},
  Publisher      = {Medienpädagogischer Forschungsverbund Südwest},
  year           = 2013
}